@book{shalev2014understanding,
	title={Understanding machine learning: From theory to algorithms},
	author={Shalev-Shwartz, Shai and Ben-David, Shai},
	year={2014},
	publisher={Cambridge university press}
}@article{smola2008introduction,
title={Introduction to machine learning},
author={Smola, Alex and Vishwanathan, SVN},
journal={Cambridge University, UK},
volume={32},
pages={34},
year={2008}
}